@book{Wasserman2006All,
author = {Wasserman, Larry},
title = {{All of Nonparametric Statistics}},
year = {2006}
}

@Misc{Charles2006,
author = {Charles J. Geyer},
title = {{Breakdown Point Theory Notes}},
year = {2006},
url = {http://www.stat.umn.edu/geyer/5601/notes/break.pdf}
}