@incollection{dasgupta2012regularization,
  title={Density estimation in high and ultra high dimensions, regularization, and the L1 asymptotics},
  author={DasGupta, Anirban and Lahiri, SN and others},
  booktitle={Contemporary Developments in Bayesian Analysis and Statistical Decision Theory: A Festschrift for William E. Strawderman},
  pages={1--23},
  year={2012},
  publisher={Institute of Mathematical Statistics}
}
@article{xu2019constraints,
  title={High-dimensional nonparametric density estimation via symmetry and shape constraints},
  author={Xu, Min and Samworth, Richard J},
  journal={arXiv preprint arXiv:1903.06092},
  year={2019}
}
@article{gu2013nonparametric,
  title={Nonparametric density estimation in high dimensions},
  author={Gu, Chong and Jeon, Yongho and Lin, Yi},
  journal={Stat Sin},
  volume={23},
  pages={000--000},
  year={2013}
}
@inproceedings{distributed2018,
  title={Distributed statistical estimation of high-dimensional and nonparametric distributions},
  author={Han, Yanjun and Mukherjee, Pritam and Ozgur, Ayfer and Weissman, Tsachy},
  booktitle={2018 IEEE International Symposium on Information Theory (ISIT)},
  pages={506--510},
  year={2018},
  organization={IEEE}
}
@article{review2019,
  title={Nonparametric density estimation for high-dimensional dataâ€”Algorithms and applications},
  author={Wang, Zhipeng and Scott, David W},
  journal={Wiley Interdisciplinary Reviews: Computational Statistics},
  pages={e1461},
  year={2019},
  publisher={Wiley Online Library}
}
@inproceedings{rodeo2007,
  title={Sparse nonparametric density estimation in high dimensions using the rodeo},
  author={Liu, Han and Lafferty, John and Wasserman, Larry},
  booktitle={Artificial Intelligence and Statistics},
  pages={283--290},
  year={2007}
}
@inproceedings{hu2007distributed,
  title={Distributed density estimation using non-parametric statistics},
  author={Hu, Yusuo and Chen, Hua and Lou, Jian-guang and Li, Jiang},
  booktitle={27th International Conference on Distributed Computing Systems (ICDCS'07)},
  pages={28--28},
  year={2007},
  organization={IEEE}
}